#Created by Kbib version 0.6.5
#Last modified: Thu Feb  3 19:18:44 2011

@inproceedings{Jafarian,
 author = {Jafarian, Jafar Haadi and Al-Shaer, Ehab and Duan, Qi},
 title = {Openflow random host mutation: transparent moving target defense using software defined networking},
 booktitle = {Proceedings of the first workshop on Hot topics in software defined networks},
 series = {HotSDN '12},
 year = {2012},
 isbn = {978-1-4503-1477-0},
 location = {Helsinki, Finland},
 pages = {127--132},
 numpages = {6},
 url = {http://doi.acm.org/10.1145/2342441.2342467},
 doi = {10.1145/2342441.2342467},
 acmid = {2342467},
 publisher = {ACM},
 address = {New York, NY, USA},
 keywords = {ip mutation, moving target defense, security, software-defined networking},
} 

@inproceedings{Ryoo,
 author = {Ryoo, Shane and Rodrigues, Christopher I. and Baghsorkhi, Sara S. and Stone, Sam S. and Kirk, David B. and Hwu, Wen-mei W.},
 title = {Optimization principles and application performance evaluation of a multithreaded GPU using CUDA},
 booktitle = {Proceedings of the 13th ACM SIGPLAN Symposium on Principles and practice of parallel programming},
 series = {PPoPP '08},
 year = {2008},
 isbn = {978-1-59593-795-7},
 location = {Salt Lake City, UT, USA},
 pages = {73--82},
 numpages = {10},
 url = {http://doi.acm.org/10.1145/1345206.1345220},
 doi = {10.1145/1345206.1345220},
 acmid = {1345220},
 publisher = {ACM},
 address = {New York, NY, USA},
 keywords = {GPU computing, parallel computing},
} 

@article{OpenFlow,
 author = {McKeown, Nick and Anderson, Tom and Balakrishnan, Hari and Parulkar, Guru and Peterson, Larry and Rexford, Jennifer and Shenker, Scott and Turner, Jonathan},
 title = {OpenFlow: enabling innovation in campus networks},
 journal = {SIGCOMM Comput. Commun. Rev.},
 issue_date = {April 2008},
 volume = {38},
 number = {2},
 month = mar,
 year = {2008},
 issn = {0146-4833},
 pages = {69--74},
 numpages = {6},
 url = {http://doi.acm.org/10.1145/1355734.1355746},
 doi = {10.1145/1355734.1355746},
 acmid = {1355746},
 publisher = {ACM},
 address = {New York, NY, USA},
 keywords = {ethernet switch, flow-based, virtualization},
} 

@article{Rovniagin,
 author = {Rovniagin, Dmitry and Wool, Avishai},
 title = {The Geometric Efficient Matching Algorithm for Firewalls},
 journal = {IEEE Trans. Dependable Secur. Comput.},
 issue_date = {January 2011},
 volume = {8},
 number = {1},
 month = jan,
 year = {2011},
 issn = {1545-5971},
 pages = {147--159},
 numpages = {13},
 url = {http://dx.doi.org/10.1109/TDSC.2009.28},
 doi = {10.1109/TDSC.2009.28},
 acmid = {1916622},
 publisher = {IEEE Computer Society Press},
 address = {Los Alamitos, CA, USA},
 keywords = {Network communication, Network communication, network-level security and protection., network-level security and protection.},
} 

@inproceedings{Han,
 author = {Han, Sangjin and Jang, Keon and Park, KyoungSoo and Moon, Sue},
 title = {PacketShader: a GPU-accelerated software router},
 booktitle = {Proceedings of the ACM SIGCOMM 2010 conference},
 series = {SIGCOMM '10},
 year = {2010},
 isbn = {978-1-4503-0201-2},
 location = {New Delhi, India},
 pages = {195--206},
 numpages = {12},
 url = {http://doi.acm.org/10.1145/1851182.1851207},
 doi = {10.1145/1851182.1851207},
 acmid = {1851207},
 publisher = {ACM},
 address = {New York, NY, USA},
 keywords = {CUDA, GPU, software router},
} 

@inproceedings{Zhao,
 author = {Zhao, Jin and Zhang, Xinya and Wang, Xin and Xue, Xiangyang},
 title = {Achieving O(1) IP lookup on GPU-based software routers},
 booktitle = {Proceedings of the ACM SIGCOMM 2010 conference},
 series = {SIGCOMM '10},
 year = {2010},
 isbn = {978-1-4503-0201-2},
 location = {New Delhi, India},
 pages = {429--430},
 numpages = {2},
 url = {http://doi.acm.org/10.1145/1851182.1851246},
 doi = {10.1145/1851182.1851246},
 acmid = {1851246},
 publisher = {ACM},
 address = {New York, NY, USA},
 keywords = {GPU, IP lookup, Software router},
} 

@inproceedings{Zhu,
 author = {Zhu, Yuhao and Deng, Yangdong and Chen, Yubei},
 title = {Hermes: an integrated CPU/GPU microarchitecture for IP routing},
 booktitle = {Proceedings of the 48th Design Automation Conference},
 series = {DAC '11},
 year = {2011},
 isbn = {978-1-4503-0636-2},
 location = {San Diego, California},
 pages = {1044--1049},
 numpages = {6},
 url = {http://doi.acm.org/10.1145/2024724.2024953},
 doi = {10.1145/2024724.2024953},
 acmid = {2024953},
 publisher = {ACM},
 address = {New York, NY, USA},
 keywords = {CPU/GPU integration, QoS, software router},
} 

@inproceedings{Mu,
 author = {Mu, Shuai and Zhang, Xinya and Zhang, Nairen and Lu, Jiaxin and Deng, Yangdong Steve and Zhang, Shu},
 title = {IP routing processing with graphic processors},
 booktitle = {Proceedings of the Conference on Design, Automation and Test in Europe},
 series = {DATE '10},
 year = {2010},
 isbn = {978-3-9810801-6-2},
 location = {Dresden, Germany},
 pages = {93--98},
 numpages = {6},
 url = {http://dl.acm.org/citation.cfm?id=1870926.1870950},
 acmid = {1870950},
 publisher = {European Design and Automation Association},
 address = {3001 Leuven, Belgium, Belgium},
 keywords = {Bloom filter, CUDA, DFA, GPU, deep packet inspection, router, table lookup},
} 

@inproceedings{Vasiliadis,
 author = {Vasiliadis, Giorgos and Antonatos, Spiros and Polychronakis, Michalis and Markatos, Evangelos P. and Ioannidis, Sotiris},
 title = {Gnort: High Performance Network Intrusion Detection Using Graphics Processors},
 booktitle = {Proceedings of the 11th international symposium on Recent Advances in Intrusion Detection},
 series = {RAID '08},
 year = {2008},
 isbn = {978-3-540-87402-7},
 location = {Cambridge, MA, USA},
 pages = {116--134},
 numpages = {19},
 url = {http://dx.doi.org/10.1007/978-3-540-87403-4_7},
 doi = {10.1007/978-3-540-87403-4_7},
 acmid = {1433016},
 publisher = {Springer-Verlag},
 address = {Berlin, Heidelberg},
 keywords = {GPU, SIMD, intrusion detection systems, network security, parallel programming, pattern matching},
} 

@inproceedings{Youngjun, 
author={Youngjun Lee and Minseon Jeong and Sanghwan Lee and Eun-Jin Im}, 
booktitle={Information and Communication Technology Convergence (ICTC), 2010 International Conference on}, title={Fast forwarding table lookup exploiting GPU memory architecture}, 
year={2010}, 
month={nov.}, 
volume={}, 
number={}, 
pages={341 -345}, 
keywords={GPU memory architecture;GPU systems;Internet traffic;fast forwarding table lookup;packet shader;software routers;Internet;computer graphic equipment;coprocessors;memory architecture;table lookup;telecommunication network routing;telecommunication traffic;}, 
doi={10.1109/ICTC.2010.5674696}, 
ISSN={},}

@article{kohler2000click,
  title={The Click modular router},
  author={Kohler, E. and Morris, R. and Chen, B. and Jannotti, J. and Kaashoek, M.F.},
  journal={ACM Transactions on Computer Systems (TOCS)},
  volume={18},
  number={3},
  pages={263--297},
  year={2000},
  publisher={ACM}
}

@article{thompson1997wide,
  title={Wide-area Internet traffic patterns and characteristics},
  author={Thompson, K. and Miller, G.J. and Wilder, R.},
  journal={Network, IEEE},
  volume={11},
  number={6},
  pages={10--23},
  year={1997},
  publisher={IEEE}
}
